<?xml version="1.0" encoding="UTF-8"?>
<record xmlns="http://www.loc.gov/MARC21/slim" xmlns:xsi="http://www.w3.org/2001/XMLSchema-instance" xsi:schemaLocation="http://www.loc.gov/MARC21/slim http://www.loc.gov/standards/marcxml/schema/MARC21slim.xsd">
<leader>00000cam a22      a 4500</leader>
<controlfield tag="001">001679119</controlfield>
<controlfield tag="003">NNU</controlfield>
<controlfield tag="005">20150803172948.0</controlfield>
<controlfield tag="008">930706s1904    le            000 0 ara d</controlfield>
<datafield tag="035" ind1=" " ind2=" ">
<subfield code="a">(OCoLC)476976655</subfield>
</datafield>
<datafield tag="040" ind1=" " ind2=" ">
<subfield code="a">NjP</subfield>
<subfield code="c">N15</subfield>
<subfield code="d">OCLCF</subfield>
<subfield code="d">OCLCO</subfield>
<subfield code="d">NNU</subfield>
</datafield>
<datafield tag="050" ind1=" " ind2="4">
<subfield code="a">HB715</subfield>
<subfield code="b">.M3 1904</subfield>
</datafield>
<datafield tag="100" ind1="1" ind2=" ">
<subfield code="6">880-01</subfield>
<subfield code="a">Maghribī, ʻAbd al-Majīd.</subfield>
</datafield>
<datafield tag="240" ind1="1" ind2="0">
<subfield code="6">880-02</subfield>
<subfield code="a">Manhal al-fāʼiḍ fī ʻilm al-farāʼiḍ</subfield>
</datafield>
<datafield tag="245" ind1="1" ind2="0">
<subfield code="6">880-03</subfield>
<subfield code="a">Kitāb al-manhal al-fāʼiḍ fī ʻilm al-farāʼiḍ /</subfield>
<subfield code="c">athar ʻAbd al-Majīd Maghribī.</subfield>
</datafield>
<datafield tag="260" ind1=" " ind2=" ">
<subfield code="6">880-04</subfield>
<subfield code="a">Bayrūt :</subfield>
<subfield code="b">al-Maṭbaʻah al-Adabīyah,</subfield>
<subfield code="c">1322 [1904 or 1905]</subfield>
</datafield>
<datafield tag="300" ind1=" " ind2=" ">
<subfield code="a">189 p. ;</subfield>
<subfield code="c">23 cm.</subfield>
</datafield>
<datafield tag="650" ind1=" " ind2="0">
<subfield code="a">Inheritance and succession (Islamic law)</subfield>
</datafield>
<datafield tag="650" ind1=" " ind2="7">
<subfield code="a">Inheritance and succession (Islamic law)</subfield>
<subfield code="2">fast</subfield>
<subfield code="0">(OCoLC)fst00973401</subfield>
</datafield>
<datafield tag="740" ind1="0" ind2=" ">
<subfield code="6">880-05</subfield>
<subfield code="a">Manhal al-fāʼiḍ fī ʻilm al-farāʼiḍ.</subfield>
</datafield>
<datafield tag="776" ind1="0" ind2="8">
<subfield code="i">Online version:</subfield>
<subfield code="a">Maghribī, ʻAbd al-Majīd.</subfield>
<subfield code="s">Manhal al-fāʼiḍ fī ʻilm al-farāʼiḍ</subfield>
<subfield code="t">Kitāb al-manhal al-fāʼiḍ fī ʻilm al-farāʼiḍ</subfield>
<subfield code="d">Bayrūt : al-Maṭbaʻah al-Adabīyah, 1322 [1904 or 1905]</subfield>
<subfield code="w">(OCoLC)780152601</subfield>
</datafield>
<datafield tag="880" ind1="1" ind2=" ">
<subfield code="6">100-01/</subfield>
<subfield code="a">مغربي، عبد المجيد.</subfield>
</datafield>
<datafield tag="880" ind1="1" ind2="0">
<subfield code="6">240-02/</subfield>
<subfield code="a">منهل الفائض في علم الفرائض</subfield>
</datafield>
<datafield tag="880" ind1="1" ind2="0">
<subfield code="6">245-03/</subfield>
<subfield code="a">كتاب المنهل الفائض في علم الفرائض /</subfield>
<subfield code="c">اثر عبد المجيد مغربي.</subfield>
</datafield>
<datafield tag="880" ind1=" " ind2=" ">
<subfield code="6">260-04/</subfield>
<subfield code="a">بيروت :</subfield>
<subfield code="b">المطبعة الادبية،</subfield>
<subfield code="c">1322 [1904 or 1905]</subfield>
</datafield>
<datafield tag="880" ind1="0" ind2=" ">
<subfield code="6">740-05/</subfield>
<subfield code="a">منهل الفائض في علم الفرائض.</subfield>
</datafield>
<datafield tag="OWN" ind1=" " ind2=" ">
<subfield code="a">GENERAL</subfield>
</datafield>
<datafield tag="AVA" ind1=" " ind2=" ">
<subfield code="a">NYU50</subfield>
<subfield code="b">BOBST</subfield>
<subfield code="c">Main Collection</subfield>
<subfield code="d">HB715 .M3</subfield>
<subfield code="e">unavailable</subfield>
<subfield code="t">Unavailable</subfield>
<subfield code="f">1</subfield>
<subfield code="g">1</subfield>
<subfield code="h">N</subfield>
<subfield code="i">0</subfield>
<subfield code="j">MAIN</subfield>
<subfield code="k">0</subfield>
</datafield>
</record>
